% !Mode:: "TeX:UTF-8"

@article{garrett2005ajax,
  title={Ajax: A new approach to web applications},
  author={Garrett, Jesse James and others},
  year={2005}
}

@article{shuchun2000design,
  title={The Design and Implementation of the Browser/Server Mode MIS [J]},
  author={Shuchun, Liu and Mengyang, Liao and Shixian, Wang and Zhenqin, Xu},
  journal={Computer Engineering and Applications},
  volume={6},
  pages={038},
  year={2000}
}

@article{chenxu2000client,
  title={Client/Server 与 Browser/Server 结构的分析与比较},
  author={陈旭 and 刘加伶},
  journal={重庆工学院学报},
  volume={14},
  number={2},
  pages={100--103},
  year={2000}
}

@article{jiangleihong2001mis,
  title={上海交大基于校园网的 MIS 建设规划},
  author={蒋磊宏 and 董传良 and 钟华},
  journal={中山大学学报 (自然科学版)},
  volume={40},
  number={3},
  pages={10--14},
  year={2001}
}